@electronic{Nvidia,
  title = {Particle-based Fluid Simulation},
  howpublished = {\url{http://developer.download.nvidia.com/
  presentations/2008/GDC/GDC08\_ParticleFluids.pdf}},
  note = {Accessed: 2021-02-24}
}

@inproceedings{muller2003particle,
  title={Particle-based fluid simulation for interactive applications.},
  author={M{\"u}ller, Matthias and Charypar, David and Gross, Markus H},
  booktitle={Symposium on Computer animation},
  pages={154--159},
  year={2003}
}

@article{gingold1977smoothed,
  title={Smoothed particle hydrodynamics: theory and application to non-spherical stars},
  author={Gingold, Robert A and Monaghan, Joseph J},
  journal={Monthly notices of the royal astronomical society},
  volume={181},
  number={3},
  pages={375--389},
  year={1977},
  publisher={Oxford University Press Oxford, UK}
}

@article{lucy1977numerical,
  title={A numerical approach to the testing of the fission hypothesis},
  author={Lucy, Leon B},
  journal={The astronomical journal},
  volume={82},
  pages={1013--1024},
  year={1977}
}